@BOOK{paganisalsa:2015analisi1,
	TITLE = {Analisi matematica 1},
	AUTHOR = {Pagani, C.D. and Salsa, S.},
	ISBN = {9788808151339},
	URL = {https://www.zanichelli.it/ricerca/prodotti/analisi-matematica-pagani-salsa-001?hl=analisi%201},
	YEAR = {2015},
	PUBLISHER = {Zanichelli}
}

@BOOK{paganisalsa:2015analisi2,
	TITLE = {Analisi matematica 2},
	AUTHOR = {Pagani, C.D. and Salsa, S.},
	ISBN = {9788808637086},
	URL = {https://www.zanichelli.it/ricerca/prodotti/analisi-matematica-pagani-salsa-001?hl=analisi%201},
	YEAR = {2015},
	PUBLISHER = {Zanichelli}
}

@BOOK{rudin:1987realcomplex,
	TITLE = {Real and complex analysis},
	AUTHOR = {Rudin, W.},
	ISBN = {9780071002769},
	URL = {https://www.mheducation.com/highered/product/real-complex-analysis-rudin/M9780070542341.html},
	YEAR = {1987},
	PUBLISHER = {McGraw-Hill International Editions}
}

@BOOK{rudin:1976principles,
	TITLE = {Principles of Mathematical Analysis},
	AUTHOR = {Rudin, W.},
	ISBN = {9780070542358},
	URL = {https://www.mheducation.com/highered/product/principles-mathematical-analysis-rudin/M9780070542358.html},
	YEAR = {1976},
	PUBLISHER = {McGraw-Hill International Editions}
}

@BOOK{sernesi:2011proiettiva,
	TITLE = {Geometria 1},
	AUTHOR = {Sernesi, E.},
	ISBN = {9788833954479},
	URL = {Programma di matematica fisica elettronica},
	YEAR = {2000},
	PUBLISHER = {Bollati Boringhieri}
}

@BOOK{fortuna:2011proiettiva,
	TITLE = {Geometria proiettiva: Problemi risolti e richiami di teoria},
	AUTHOR = {Fortuna, E. and Frigerio, R. and Pardini, R.},
	ISBN = {9788847017467},
	SERIES = {UNITEXT},
	URL = {https://www.springer.com/gp/book/9788847017467},
	YEAR = {2011},
	PUBLISHER = {Springer Milan}
}

@ARTICLE{ramanujan:1914piapprox,
	TITLE = {Modular equations and approximations to $\pi$},
	AUTHOR = {Ramanujan, S. A.},
	JOURNAL={Quarterly Journal of Mathematics},
	VOLUME={XLV},
	pages={350--372},
	YEAR = {1914}
}

@BOOKLET{antucabertolotti:2021manualozzogeometria,
	TITLE = {Tutto quello che avreste voluto sapere sulla Geometria 2* (* ma non avete mai osato chiedere)},
	AUTHOR = {Antuca, E. and Bertolotti, M.},
	URL = {https://maxmaci.github.io/manualozzi/ManualozzoGeometria2.pdf},
	YEAR = {2021}
}

@BOOK{console:2012proiettiva,
	TITLE = {Note di Geometria 2},
	AUTHOR = {Console, S. and Fino, A.},
	YEAR = {2012}
}

@book{munkres:2000topology,
	TITLE = {Topology},
	AUTHOR = {Munkres, J.R.},
	ISBN = {9780131816299},
	LCCN = {99052942},
	SERIES= {Featured Titles for Topology},
	URL = {https://www.worldcat.org/oclc/42683260},
	YEAR = {2000},
	PUBLISHER = {Prentice Hall, Incorporated}
}

@BOOK{krantz:2009guide,
	TITLE = {A Guide to Topology},
	AUTHOR = {Krantz, S.G.},
	ISBN = {9780883853467},
	LCCN = {2009929077},
	SERIES = {A Guide to Topology},
	URL = {https://books.google.it/books?id=O3tyezxgv28C},
	YEAR = {2009},
	PUBLISHER = {Mathematical Association of America}
}

@BOOK{bernstein:2009matrix,
	TITLE = {Matrix Mathematics: Theory, Facts, and Formulas (Second Edition)},
	AUTHOR = {Bernstein, Dennis S.},
	ISBN = {9780691140391},
	URL = {http://www.jstor.org/stable/j.ctt7t833},
	YEAR = {2009},
	PUBLISHER = {Princeton University Press}		
}

@MISC {user45861:intersectioncompact,
	TITLE = {Intersection of finite number of compact sets is compact?},
	AUTHOR = {user45861},
	HOWPUBLISHED = {Mathematics Stack Exchange},
	URL = {https://math.stackexchange.com/q/229821}
}

@MISC {hagen:productCPA,
	TITLE = {Product of path connected spaces is path connected},
	AUTHOR = {Hagen von Eitzen},
	HOWPUBLISHED = {Mathematics Stack Exchange},
	URL = {https://math.stackexchange.com/q/454631}
}

@MISC {scott:CPAfromproduct,
	TITLE = {$X \times Y$ path connected implies $X$ and $Y$ path connected},
	AUTHOR = {Brian M. Scott},
	HOWPUBLISHED = {Mathematics Stack Exchange},
	URL = {https://math.stackexchange.com/q/554315}
}

@MISC {Math1000:interior,
	TITLE = {Interior of cartesian product is cartesian product of interiors},
	AUTHOR = {Math1000},
	HOWPUBLISHED = {Mathematics Stack Exchange},
	URL = {https://math.stackexchange.com/q/1726380}
}

@MISC {shalop:interior,
	TITLE = {The interior is the complement of the closure of the complement},
	AUTHOR = {shalop},
	HOWPUBLISHED = {Mathematics Stack Exchange},
	URL = {https://math.stackexchange.com/q/1203027}
}

@MISC{scott:nonum,
	TITLE = {Why is $\mathbb{R}/{\sim}$ not first countable at $[0]$, where $x \sim y \Leftrightarrow x = y\text{ or }x,y \in \mathbb{Z}$?},
	AUTHOR = {Scott, B. M.},
	HOWPUBLISHED = {Mathematics Stack Exchange},
	URL = {https://math.stackexchange.com/q/1417425}
}

@MISC {freakish:retract,
	TITLE = {open interval is not a retract of any larger interval},
	AUTHOR = {freakish},
	HOWPUBLISHED = {Mathematics Stack Exchange},
	URL = {https://math.stackexchange.com/q/3695061}
}

@MISC{jeanmarie:blockdet,
	TITLE = {Proofs of Determinants of Block matrices},
	AUTHOR = {Jean Marie},
	HOWPUBLISHED = {Mathematics Stack Exchange},
	URL = {https://math.stackexchange.com/q/1905707}
}

@MISC{bengrossman:blockdet,
	TITLE = {Finding the determinant of a block diagonal matrix},
	AUTHOR = {Grossmann, B.},
	HOWPUBLISHED = {Mathematics Stack Exchange},
	URL = {https://math.stackexchange.com/q/2026141}
}

@MISC{HagenVonEitzen:injectivesubgroup,
	TITLE = {Injective homomorphisms and subgroups},
	AUTHOR = {Hagen, von E.},
	HOWPUBLISHED = {Mathematics Stack Exchange},
	URL = {https://math.stackexchange.com/q/1356101}
}

@MISC {user:hausdorff,
	TITLE = {How to prove a quotient space is again compact and Hausdorff},
	AUTHOR = {user113988},
	HOWPUBLISHED = {Mathematics Stack Exchange},
	URL = {https://math.stackexchange.com/q/2584006}
}